<?xml version="1.0" encoding="UTF-8"?><record xmlns="http://www.loc.gov/MARC21/slim" xmlns:cinclude="http://apache.org/cocoon/include/1.0" xmlns:zs="http://www.loc.gov/zing/srw/">
  <leader>00528cz  a2200157n  4500</leader>
  <controlfield tag="001">n  85143498 </controlfield>
  <controlfield tag="003">DLC</controlfield>
  <controlfield tag="005">20130308085141.0</controlfield>
  <controlfield tag="008">851121n| azannaab           |a aaa     c</controlfield>
  <datafield tag="010" ind1=" " ind2=" ">
    <subfield code="a">n  85143498 </subfield>
  </datafield>
  <datafield tag="040" ind1=" " ind2=" ">
    <subfield code="a">InU</subfield>
    <subfield code="b">eng</subfield>
    <subfield code="e">rda</subfield>
    <subfield code="c">DLC</subfield>
    <subfield code="d">DLC</subfield>
  </datafield>
  <datafield tag="100" ind1="1" ind2=" ">
    <subfield code="a">Vicars, John,</subfield>
    <subfield code="d">1579 or 1580-1652.</subfield>
    <subfield code="t">God in the mount</subfield>
  </datafield>
  <datafield tag="400" ind1="1" ind2=" ">
    <subfield code="a">Vicars, John,</subfield>
    <subfield code="d">1579 or 1580-1652.</subfield>
    <subfield code="t">Jehovah-jireh</subfield>
  </datafield>
  <datafield tag="400" ind1="1" ind2=" ">
    <subfield code="w">nnea</subfield>
    <subfield code="a">Vicars, John,</subfield>
    <subfield code="d">1579 or 80-1652.</subfield>
    <subfield code="t">God in the mount</subfield>
  </datafield>
  <datafield tag="670" ind1=" " ind2=" ">
    <subfield code="a">His God in the mount, 1641.</subfield>
  </datafield>
  <datafield tag="670" ind1=" " ind2=" ">
    <subfield code="a">InU/Wing STC files</subfield>
    <subfield code="b">(variant: Jehovah-jireh)</subfield>
  </datafield>
</record>